%A

@ARTICLE{aurnou_etal_2020,
       author = {{Aurnou}, Jonathan M. and {Horn}, Susanne and {Julien}, Keith},
        title = "{Connections between nonrotating, slowly rotating, and rapidly rotating turbulent convection transport scalings}",
      journal = {Physical Review Research},
     keywords = {Physics - Fluid Dynamics, Astrophysics - Earth and Planetary Astrophysics, Astrophysics - Solar and Stellar Astrophysics},
         year = 2020,
        month = oct,
       volume = {2},
       number = {4},
          eid = {043115},
        pages = {043115},
          doi = {10.1103/PhysRevResearch.2.043115},
archivePrefix = {arXiv},
       eprint = {2009.03447},
 primaryClass = {physics.flu-dyn},
       adsurl = {https://ui.adsabs.harvard.edu/abs/2020PhRvR...2d3115A},
      adsnote = {Provided by the SAO/NASA Astrophysics Data System}
}

%B

@ARTICLE{bowman_etal_2019,
       author = {{Bowman}, Dominic M. and {Burssens}, Siemen and {Pedersen}, May G. and {Johnston}, Cole and {Aerts}, Conny and {Buysschaert}, Bram and {Michielsen}, Mathias and {Tkachenko}, Andrew and {Rogers}, Tamara M. and {Edelmann}, Philipp V.~F. and {Ratnasingam}, Rathish P. and {Sim{\'o}n-D{\'\i}az}, Sergio and {Castro}, Norberto and {Moravveji}, Ehsan and {Pope}, Benjamin J.~S. and {White}, Timothy R. and {De Cat}, Peter},
        title = "{Low-frequency gravity waves in blue supergiants revealed by high-precision space photometry}",
      journal = {Nature Astronomy},
     keywords = {Astrophysics - Solar and Stellar Astrophysics},
         year = 2019,
        month = may,
       volume = {3},
        pages = {760-765},
          doi = {10.1038/s41550-019-0768-1},
archivePrefix = {arXiv},
       eprint = {1905.02120},
 primaryClass = {astro-ph.SR},
       adsurl = {https://ui.adsabs.harvard.edu/abs/2019NatAs...3..760B},
      adsnote = {Provided by the SAO/NASA Astrophysics Data System}
}

@ARTICLE{bowman_etal_2020,
       author = {{Bowman}, D.~M. and {Burssens}, S. and {Sim{\'o}n-D{\'\i}az}, S. and {Edelmann}, P.~V.~F. and {Rogers}, T.~M. and {Horst}, L. and {R{\"o}pke}, F.~K. and {Aerts}, C.},
        title = "{Photometric detection of internal gravity waves in upper main-sequence stars. II. Combined TESS photometry and high-resolution spectroscopy}",
      journal = {\aap},
     keywords = {asteroseismology, stars: early-type, stars: oscillations, stars: evolution, stars: rotation, stars: fundamental parameters, Astrophysics - Solar and Stellar Astrophysics},
         year = 2020,
        month = aug,
       volume = {640},
          eid = {A36},
        pages = {A36},
          doi = {10.1051/0004-6361/202038224},
archivePrefix = {arXiv},
       eprint = {2006.03012},
 primaryClass = {astro-ph.SR},
       adsurl = {https://ui.adsabs.harvard.edu/abs/2020A&A...640A..36B},
      adsnote = {Provided by the SAO/NASA Astrophysics Data System}
}

@ARTICLE{brown_etal_2012,
       author = {{Brown}, Benjamin P. and {Vasil}, Geoffrey M. and {Zweibel}, Ellen G.},
        title = "{Energy Conservation and Gravity Waves in Sound-proof Treatments of Stellar Interiors. Part I. Anelastic Approximations}",
      journal = {\apj},
     keywords = {stars: interiors, Sun: interior, Astrophysics - Solar and Stellar Astrophysics, Physics - Fluid Dynamics},
         year = 2012,
        month = sep,
       volume = {756},
       number = {2},
          eid = {109},
        pages = {109},
          doi = {10.1088/0004-637X/756/2/109},
archivePrefix = {arXiv},
       eprint = {1207.2804},
 primaryClass = {astro-ph.SR},
       adsurl = {https://ui.adsabs.harvard.edu/abs/2012ApJ...756..109B},
      adsnote = {Provided by the SAO/NASA Astrophysics Data System}
}

@ARTICLE{browning_etal_2004,
       author = {{Browning}, Matthew K. and {Brun}, Allan Sacha and {Toomre}, Juri},
        title = "{Simulations of Core Convection in Rotating A-Type Stars: Differential Rotation and Overshooting}",
      journal = {\apj},
     keywords = {Convection, Stars: Interiors, Stars: Rotation, Astrophysics},
         year = 2004,
        month = jan,
       volume = {601},
       number = {1},
        pages = {512-529},
          doi = {10.1086/380198},
archivePrefix = {arXiv},
       eprint = {astro-ph/0310003},
 primaryClass = {astro-ph},
       adsurl = {https://ui.adsabs.harvard.edu/abs/2004ApJ...601..512B},
      adsnote = {Provided by the SAO/NASA Astrophysics Data System}
}

@ARTICLE{brummell_etal_2002,
       author = {{Brummell}, Nicholas H. and {Clune}, Thomas L. and {Toomre}, Juri},
        title = "{Penetration and Overshooting in Turbulent Compressible Convection}",
      journal = {\apj},
     keywords = {Convection, Stars: Interiors, Sun: Interior, Turbulence},
         year = 2002,
        month = may,
       volume = {570},
       number = {2},
        pages = {825-854},
          doi = {10.1086/339626},
       adsurl = {https://ui.adsabs.harvard.edu/abs/2002ApJ...570..825B},
      adsnote = {Provided by the SAO/NASA Astrophysics Data System}
}

@ARTICLE{brun_etal_2017,
       author = {{Brun}, Allan Sacha and {Strugarek}, Antoine and {Varela}, Jacobo and {Matt}, Sean P. and {Augustson}, Kyle C. and {Emeriau}, Constance and {DoCao}, Olivier Long and {Brown}, Benjamin and {Toomre}, Juri},
        title = "{On Differential Rotation and Overshooting in Solar-like Stars}",
      journal = {\apj},
     keywords = {convection, hydrodynamics, stars: activity, stars: rotation, stars: solar-type, Astrophysics - Solar and Stellar Astrophysics},
         year = 2017,
        month = feb,
       volume = {836},
       number = {2},
          eid = {192},
        pages = {192},
          doi = {10.3847/1538-4357/aa5c40},
archivePrefix = {arXiv},
       eprint = {1702.06598},
 primaryClass = {astro-ph.SR},
       adsurl = {https://ui.adsabs.harvard.edu/abs/2017ApJ...836..192B},
      adsnote = {Provided by the SAO/NASA Astrophysics Data System}
}

@ARTICLE{burns_etal_2020,
       author = {{Burns}, Keaton J. and {Vasil}, Geoffrey M. and {Oishi}, Jeffrey S. and {Lecoanet}, Daniel and {Brown}, Benjamin P.},
        title = "{Dedalus: A flexible framework for numerical simulations with spectral methods}",
      journal = {Physical Review Research},
     keywords = {Astrophysics - Instrumentation and Methods for Astrophysics, Physics - Computational Physics, Physics - Fluid Dynamics},
         year = 2020,
        month = apr,
       volume = {2},
       number = {2},
          eid = {023068},
        pages = {023068},
          doi = {10.1103/PhysRevResearch.2.023068},
archivePrefix = {arXiv},
       eprint = {1905.10388},
 primaryClass = {astro-ph.IM},
       adsurl = {https://ui.adsabs.harvard.edu/abs/2020PhRvR...2b3068B},
      adsnote = {Provided by the SAO/NASA Astrophysics Data System}
}



%C

@ARTICLE{cantiello_etal_2021,
       author = {{Cantiello}, Matteo and {Lecoanet}, Daniel and {Jermyn}, Adam S. and {Grassitelli}, Luca},
        title = "{On the Origin of Stochastic, Low-Frequency Photometric Variability in Massive Stars}",
      journal = {arXiv e-prints},
     keywords = {Astrophysics - Solar and Stellar Astrophysics},
         year = 2021,
        month = feb,
          eid = {arXiv:2102.05670},
        pages = {arXiv:2102.05670},
archivePrefix = {arXiv},
       eprint = {2102.05670},
 primaryClass = {astro-ph.SR},
       adsurl = {https://ui.adsabs.harvard.edu/abs/2021arXiv210205670C},
      adsnote = {Provided by the SAO/NASA Astrophysics Data System}
}

@ARTICLE{canuto2011,
       author = {{Canuto}, V.~M.},
        title = "{Stellar mixing. V. Overshooting}",
      journal = {\aap},
     keywords = {turbulence, diffusion, convection, hydrodynamics, methods: analytical, stars: rotation},
         year = 2011,
        month = apr,
       volume = {528},
          eid = {A80},
        pages = {A80},
          doi = {10.1051/0004-6361/201014450},
       adsurl = {https://ui.adsabs.harvard.edu/abs/2011A&A...528A..80C},
      adsnote = {Provided by the SAO/NASA Astrophysics Data System}
}

@ARTICLE{christensen-dalsgaard_etal_2011,
       author = {{Christensen-Dalsgaard}, J. and {Monteiro}, M.~J.~P.~F.~G. and {Rempel}, M. and {Thompson}, M.~J.},
        title = "{A more realistic representation of overshoot at the base of the solar convective envelope as seen by helioseismology}",
      journal = {\mnras},
     keywords = {asteroseismology, convection, Sun: helioseismology, Sun: interior, stars: interiors, Astrophysics - Solar and Stellar Astrophysics},
         year = 2011,
        month = jun,
       volume = {414},
       number = {2},
        pages = {1158-1174},
          doi = {10.1111/j.1365-2966.2011.18460.x},
archivePrefix = {arXiv},
       eprint = {1102.0235},
 primaryClass = {astro-ph.SR},
       adsurl = {https://ui.adsabs.harvard.edu/abs/2011MNRAS.414.1158C},
      adsnote = {Provided by the SAO/NASA Astrophysics Data System}
}

@ARTICLE{claret_torres_2018,
       author = {{Claret}, Antonio and {Torres}, Guillermo},
        title = "{The Dependence of Convective Core Overshooting on Stellar Mass: Additional Binary Systems and Improved Calibration}",
      journal = {\apj},
     keywords = {binaries: eclipsing, convection, stars: evolution, stars: fundamental parameters, stars: interiors, Astrophysics - Solar and Stellar Astrophysics},
         year = 2018,
        month = jun,
       volume = {859},
       number = {2},
          eid = {100},
        pages = {100},
          doi = {10.3847/1538-4357/aabd35},
archivePrefix = {arXiv},
       eprint = {1804.03148},
 primaryClass = {astro-ph.SR},
       adsurl = {https://ui.adsabs.harvard.edu/abs/2018ApJ...859..100C},
      adsnote = {Provided by the SAO/NASA Astrophysics Data System}
}



@ARTICLE{couston_etal_2017,
       author = {{Couston}, L. -A. and {Lecoanet}, D. and {Favier}, B. and {Le Bars}, M.},
        title = "{Dynamics of mixed convective-stably-stratified fluids}",
      journal = {Physical Review Fluids},
     keywords = {Physics - Fluid Dynamics, Physics - Geophysics},
         year = 2017,
        month = sep,
       volume = {2},
       number = {9},
          eid = {094804},
        pages = {094804},
          doi = {10.1103/PhysRevFluids.2.094804},
archivePrefix = {arXiv},
       eprint = {1709.06454},
 primaryClass = {physics.flu-dyn},
       adsurl = {https://ui.adsabs.harvard.edu/abs/2017PhRvF...2i4804C},
      adsnote = {Provided by the SAO/NASA Astrophysics Data System}
}

@ARTICLE{couston_etal_2018,
       author = {{Couston}, Louis-Alexandre and {Lecoanet}, Daniel and {Favier}, Benjamin and {Le Bars}, Michael},
        title = "{The energy flux spectrum of internal waves generated by turbulent convection}",
      journal = {Journal of Fluid Mechanics},
     keywords = {Physics - Fluid Dynamics},
         year = 2018,
        month = nov,
       volume = {854},
          eid = {R3},
        pages = {R3},
          doi = {10.1017/jfm.2018.669},
archivePrefix = {arXiv},
       eprint = {1808.04638},
 primaryClass = {physics.flu-dyn},
       adsurl = {https://ui.adsabs.harvard.edu/abs/2018JFM...854R...3C},
      adsnote = {Provided by the SAO/NASA Astrophysics Data System}
}

@BOOK{cox_giuli,
       author = {{Weiss}, A. and {Hillebrandt}, W. and {Thomas}, H. -C. and {Ritter}, H.},
        title = "{Cox and Giuli's Principles of Stellar Structure}",
         year = 2004,
       adsurl = {https://ui.adsabs.harvard.edu/abs/2004cgps.book.....W},
      adsnote = {Provided by the SAO/NASA Astrophysics Data System}
}

%D

@ARTICLE{dietrich_wicht_2018,
       author = {{Dietrich}, Wieland and {Wicht}, Johannes},
        title = "{Penetrative Convection in Partly Stratified Rapidly Rotating Spherical Shells}",
      journal = {Frontiers in Earth Science},
     keywords = {Stable stratification, rapidly rotating spherical shells, Penetrative convection, scaling laws, Numerical Simulations, Astrophysics - Earth and Planetary Astrophysics},
         year = 2018,
        month = nov,
       volume = {6},
          eid = {189},
        pages = {189},
          doi = {10.3389/feart.2018.00189},
archivePrefix = {arXiv},
       eprint = {1811.04718},
 primaryClass = {astro-ph.EP},
       adsurl = {https://ui.adsabs.harvard.edu/abs/2018FrEaS...6..189D},
      adsnote = {Provided by the SAO/NASA Astrophysics Data System}
}

%E

@ARTICLE{edelmann_etal_2019,
       author = {{Edelmann}, P.~V.~F. and {Ratnasingam}, R.~P. and {Pedersen}, M.~G. and {Bowman}, D.~M. and {Prat}, V. and {Rogers}, T.~M.},
        title = "{Three-dimensional Simulations of Massive Stars. I. Wave Generation and Propagation}",
      journal = {\apj},
     keywords = {convection, hydrodynamics, stars: interiors, waves, Astrophysics - Solar and Stellar Astrophysics},
         year = 2019,
        month = may,
       volume = {876},
       number = {1},
          eid = {4},
        pages = {4},
          doi = {10.3847/1538-4357/ab12df},
archivePrefix = {arXiv},
       eprint = {1903.09392},
 primaryClass = {astro-ph.SR},
       adsurl = {https://ui.adsabs.harvard.edu/abs/2019ApJ...876....4E},
      adsnote = {Provided by the SAO/NASA Astrophysics Data System}
}



%F


%G

@ARTICLE{gabriel_etal_2014,
       author = {{Gabriel}, M. and {Noels}, A. and {Montalb{\'a}n}, J. and {Miglio}, A.},
        title = "{Proper use of Schwarzschild Ledoux criteria in stellar evolution computations}",
      journal = {\aap},
     keywords = {convection, stars: interiors, stars: evolution, methods: numerical, Astrophysics - Solar and Stellar Astrophysics},
         year = 2014,
        month = sep,
       volume = {569},
          eid = {A63},
        pages = {A63},
          doi = {10.1051/0004-6361/201423442},
archivePrefix = {arXiv},
       eprint = {1405.0128},
 primaryClass = {astro-ph.SR},
       adsurl = {https://ui.adsabs.harvard.edu/abs/2014A&A...569A..63G},
      adsnote = {Provided by the SAO/NASA Astrophysics Data System}
}

%H

@ARTICLE{higgins_vink_2020,
       author = {{Higgins}, Erin R. and {Vink}, Jorick S.},
        title = "{Theoretical investigation of the Humphreys-Davidson limit at high and low metallicity}",
      journal = {\aap},
     keywords = {stars: massive, stars: mass-loss, supergiants, convection, stars: evolution, Astrophysics - Solar and Stellar Astrophysics, Astrophysics - High Energy Astrophysical Phenomena},
         year = 2020,
        month = mar,
       volume = {635},
          eid = {A175},
        pages = {A175},
          doi = {10.1051/0004-6361/201937374},
archivePrefix = {arXiv},
       eprint = {2002.07204},
 primaryClass = {astro-ph.SR},
       adsurl = {https://ui.adsabs.harvard.edu/abs/2020A&A...635A.175H},
      adsnote = {Provided by the SAO/NASA Astrophysics Data System}
}

@ARTICLE{horst_etal_2020,
       author = {{Horst}, L. and {Edelmann}, P.~V.~F. and {Andr{\'a}ssy}, R. and {R{\"o}pke}, F.~K. and {Bowman}, D.~M. and {Aerts}, C. and {Ratnasingam}, R.~P.},
        title = "{Fully compressible simulations of waves and core convection in main-sequence stars}",
      journal = {\aap},
     keywords = {hydrodynamics, methods: numerical, stars: interiors, convection, waves, Astrophysics - Solar and Stellar Astrophysics},
         year = 2020,
        month = sep,
       volume = {641},
          eid = {A18},
        pages = {A18},
          doi = {10.1051/0004-6361/202037531},
archivePrefix = {arXiv},
       eprint = {2006.03011},
 primaryClass = {astro-ph.SR},
       adsurl = {https://ui.adsabs.harvard.edu/abs/2020A&A...641A..18H},
      adsnote = {Provided by the SAO/NASA Astrophysics Data System}
}

@ARTICLE{hurlburt_etal_1994,
       author = {{Hurlburt}, Neal E. and {Toomre}, Juri and {Massaguer}, Josep M. and {Zahn}, Jean-Paul},
        title = "{Penetration below a Convection Zone}",
      journal = {\apj},
     keywords = {Gravity Waves, Hydrodynamics, Penetration, Stars, Stellar Convection, Stellar Interiors, Stellar Physics, Ideal Gas, Kinetic Energy, Nonlinearity, Scalars, Simulation, Stability, Stellar Models, Viscosity, Astrophysics, CONVECTION, HYDRODYNAMICS, METHODS: NUMERICAL, STARS: INTERIORS},
         year = 1994,
        month = jan,
       volume = {421},
        pages = {245},
          doi = {10.1086/173642},
       adsurl = {https://ui.adsabs.harvard.edu/abs/1994ApJ...421..245H},
      adsnote = {Provided by the SAO/NASA Astrophysics Data System}
}



%I


%J


%K
@INPROCEEDINGS{kapyla_etal_2007,
       author = {{K{\"a}pyl{\"a}}, Petri J. and {Korpi}, M.~J. and {Stix}, M. and {Tuominen}, I.},
        title = "{Effects of rotation and input energy flux on convective overshooting}",
     keywords = {Astrophysics},
    booktitle = {Convection in Astrophysics},
         year = 2007,
       editor = {{Kupka}, Friedrich and {Roxburgh}, Ian and {Chan}, Kwing Lam},
       volume = {239},
        month = may,
        pages = {437-442},
          doi = {10.1017/S1743921307000865},
archivePrefix = {arXiv},
       eprint = {astro-ph/0609350},
 primaryClass = {astro-ph},
       adsurl = {https://ui.adsabs.harvard.edu/abs/2007IAUS..239..437K},
      adsnote = {Provided by the SAO/NASA Astrophysics Data System}
}

@ARTICLE{kapyla_etal_2017,
       author = {{K{\"a}pyl{\"a}}, Petri J. and {Rheinhardt}, Matthias and {Brandenburg}, Axel and {Arlt}, Rainer and {K{\"a}pyl{\"a}}, Maarit J. and {Lagg}, Andreas and {Olspert}, Nigul and {Warnecke}, J{\"o}rn},
        title = "{Extended Subadiabatic Layer in Simulations of Overshooting Convection}",
      journal = {\apjl},
     keywords = {convection, hydrodynamics, turbulence, Astrophysics - Solar and Stellar Astrophysics},
         year = 2017,
        month = aug,
       volume = {845},
       number = {2},
          eid = {L23},
        pages = {L23},
          doi = {10.3847/2041-8213/aa83ab},
archivePrefix = {arXiv},
       eprint = {1703.06845},
 primaryClass = {astro-ph.SR},
       adsurl = {https://ui.adsabs.harvard.edu/abs/2017ApJ...845L..23K},
      adsnote = {Provided by the SAO/NASA Astrophysics Data System}
}



@ARTICLE{kitiashvili_etal_2016,
       author = {{Kitiashvili}, I.~N. and {Kosovichev}, A.~G. and {Mansour}, N.~N. and {Wray}, A.~A.},
        title = "{Dynamics of Turbulent Convection and Convective Overshoot in a Moderate-mass Star}",
      journal = {\apjl},
     keywords = {asteroseismology, convection, methods: numerical, stars: general, stars: interiors, Sun: helioseismology, Astrophysics - Solar and Stellar Astrophysics},
         year = 2016,
        month = apr,
       volume = {821},
       number = {1},
          eid = {L17},
        pages = {L17},
          doi = {10.3847/2041-8205/821/1/L17},
archivePrefix = {arXiv},
       eprint = {1512.07298},
 primaryClass = {astro-ph.SR},
       adsurl = {https://ui.adsabs.harvard.edu/abs/2016ApJ...821L..17K},
      adsnote = {Provided by the SAO/NASA Astrophysics Data System}
}



@ARTICLE{korre_etal_2019,
       author = {{Korre}, L. and {Garaud}, P. and {Brummell}, N.~H.},
        title = "{Convective overshooting and penetration in a Boussinesq spherical shell}",
      journal = {\mnras},
     keywords = {convection, Sun: interior, stars: interiors, Astrophysics - Solar and Stellar Astrophysics, Physics - Fluid Dynamics},
         year = 2019,
        month = mar,
       volume = {484},
       number = {1},
        pages = {1220-1237},
          doi = {10.1093/mnras/stz047},
archivePrefix = {arXiv},
       eprint = {1810.06700},
 primaryClass = {astro-ph.SR},
       adsurl = {https://ui.adsabs.harvard.edu/abs/2019MNRAS.484.1220K},
      adsnote = {Provided by the SAO/NASA Astrophysics Data System}
}



%L

@ARTICLE{lecoanet_quataert_2013,
       author = {{Lecoanet}, D. and {Quataert}, E.},
        title = "{Internal gravity wave excitation by turbulent convection}",
      journal = {\mnras},
     keywords = {convection, hydrodynamics, waves, Sun: oscillations, Astrophysics - Solar and Stellar Astrophysics, Physics - Fluid Dynamics},
         year = 2013,
        month = apr,
       volume = {430},
       number = {3},
        pages = {2363-2376},
          doi = {10.1093/mnras/stt055},
archivePrefix = {arXiv},
       eprint = {1210.4547},
 primaryClass = {astro-ph.SR},
       adsurl = {https://ui.adsabs.harvard.edu/abs/2013MNRAS.430.2363L},
      adsnote = {Provided by the SAO/NASA Astrophysics Data System}
}

@ARTICLE{lecoanet_etal_2019,
       author = {{Lecoanet}, Daniel and {Cantiello}, Matteo and {Quataert}, Eliot and {Couston}, Louis-Alexandre and {Burns}, Keaton J. and {Pope}, Benjamin J.~S. and {Jermyn}, Adam S. and {Favier}, Benjamin and {Le Bars}, Michael},
        title = "{Low-frequency Variability in Massive Stars: Core Generation or Surface Phenomenon?}",
      journal = {\apjl},
     keywords = {Asteroseismology, Internal waves, Astrophysical fluid dynamics, Stellar oscillations, Massive stars, 73, 819, 101, 1617, 732, Astrophysics - Solar and Stellar Astrophysics, Astrophysics - Instrumentation and Methods for Astrophysics, Physics - Fluid Dynamics},
         year = 2019,
        month = nov,
       volume = {886},
       number = {1},
          eid = {L15},
        pages = {L15},
          doi = {10.3847/2041-8213/ab5446},
archivePrefix = {arXiv},
       eprint = {1910.01643},
 primaryClass = {astro-ph.SR},
       adsurl = {https://ui.adsabs.harvard.edu/abs/2019ApJ...886L..15L},
      adsnote = {Provided by the SAO/NASA Astrophysics Data System}
}



%M

@ARTICLE{marcus_etal_1983,
       author = {{Marcus}, P.~S. and {Press}, W.~H. and {Teukolsky}, S.~A.},
        title = "{Multiscale model equations for turbulent convection and convective overshoot}",
      journal = {\apj},
     keywords = {Convective Flow, Flow Theory, Solar Physics, Turbulence Models, Turbulent Flow, Advection, Boundary Value Problems, Buoyancy, Navier-Stokes Equation, Viscosity, Vortices, Astrophysics},
         year = 1983,
        month = apr,
       volume = {267},
        pages = {795-821},
          doi = {10.1086/160915},
       adsurl = {https://ui.adsabs.harvard.edu/abs/1983ApJ...267..795M},
      adsnote = {Provided by the SAO/NASA Astrophysics Data System}
}

@ARTICLE{meakin_arnett_2007,
       author = {{Meakin}, Casey A. and {Arnett}, David},
        title = "{Turbulent Convection in Stellar Interiors. I. Hydrodynamic Simulation}",
      journal = {\apj},
     keywords = {Hydrodynamics, Instabilities, Nuclear Reactions, Nucleosynthesis, Abundances, Stars: Evolution, Stars: General, Stars: Interiors, Stars: Supernovae: General, Turbulence, Waves, Astrophysics},
         year = 2007,
        month = sep,
       volume = {667},
       number = {1},
        pages = {448-475},
          doi = {10.1086/520318},
archivePrefix = {arXiv},
       eprint = {astro-ph/0611315},
 primaryClass = {astro-ph},
       adsurl = {https://ui.adsabs.harvard.edu/abs/2007ApJ...667..448M},
      adsnote = {Provided by the SAO/NASA Astrophysics Data System}
}


%N


%O


%P

@ARTICLE{paxton_etal_2019,
       author = {{Paxton}, Bill and {Smolec}, R. and {Schwab}, Josiah and {Gautschy}, A. and {Bildsten}, Lars and {Cantiello}, Matteo and {Dotter}, Aaron and {Farmer}, R. and {Goldberg}, Jared A. and {Jermyn}, Adam S. and {Kanbur}, S.~M. and {Marchant}, Pablo and {Thoul}, Anne and {Townsend}, Richard H.~D. and {Wolf}, William M. and {Zhang}, Michael and {Timmes}, F.~X.},
        title = "{Modules for Experiments in Stellar Astrophysics (MESA): Pulsating Variable Stars, Rotation, Convective Boundaries, and Energy Conservation}",
      journal = {\apjs},
     keywords = {stars: evolution, stars: general, stars: interiors, stars: oscillations:  including pulsations, stars: rotation, stars: variables: general, Astrophysics - Solar and Stellar Astrophysics},
         year = 2019,
        month = jul,
       volume = {243},
       number = {1},
          eid = {10},
        pages = {10},
          doi = {10.3847/1538-4365/ab2241},
archivePrefix = {arXiv},
       eprint = {1903.01426},
 primaryClass = {astro-ph.SR},
       adsurl = {https://ui.adsabs.harvard.edu/abs/2019ApJS..243...10P},
      adsnote = {Provided by the SAO/NASA Astrophysics Data System}
}

@ARTICLE{pinsonneault_1997,
       author = {{Pinsonneault}, M.},
        title = "{Mixing in Stars}",
      journal = {\araa},
         year = 1997,
        month = jan,
       volume = {35},
        pages = {557-605},
          doi = {10.1146/annurev.astro.35.1.557},
       adsurl = {https://ui.adsabs.harvard.edu/abs/1997ARA&A..35..557P},
      adsnote = {Provided by the SAO/NASA Astrophysics Data System}
}

@ARTICLE{plumley_julien_2019,
       author = {{Plumley}, Meredith and {Julien}, Keith},
        title = "{Scaling Laws in Rayleigh-B{\'e}nard Convection}",
      journal = {Earth and Space Science},
         year = 2019,
        month = sep,
       volume = {6},
       number = {9},
        pages = {1580-1592},
          doi = {10.1029/2019EA000583},
       adsurl = {https://ui.adsabs.harvard.edu/abs/2019E&SS....6.1580P},
      adsnote = {Provided by the SAO/NASA Astrophysics Data System}
}

@ARTICLE{pratt_etal_2017,
       author = {{Pratt}, J. and {Baraffe}, I. and {Goffrey}, T. and {Constantino}, T. and {Viallet}, M. and {Popov}, M.~V. and {Walder}, R. and {Folini}, D.},
        title = "{Extreme value statistics for two-dimensional convective penetration in a pre-main sequence star}",
      journal = {\aap},
     keywords = {methods: numerical, convection, stars: interiors, stars: low-mass, stars: evolution, Astrophysics - Solar and Stellar Astrophysics, Physics - Computational Physics},
         year = 2017,
        month = aug,
       volume = {604},
          eid = {A125},
        pages = {A125},
          doi = {10.1051/0004-6361/201630362},
archivePrefix = {arXiv},
       eprint = {1706.04852},
 primaryClass = {astro-ph.SR},
       adsurl = {https://ui.adsabs.harvard.edu/abs/2017A&A...604A.125P},
      adsnote = {Provided by the SAO/NASA Astrophysics Data System}
}

%Q


%R

@ARTICLE{ratnasingam_etal_2019,
       author = {{Ratnasingam}, R.~P. and {Edelmann}, P.~V.~F. and {Rogers}, T.~M.},
        title = "{Onset of non-linear internal gravity waves in intermediate-mass stars}",
      journal = {\mnras},
     keywords = {waves, stars: interiors, stars: massive, Astrophysics - Solar and Stellar Astrophysics},
         year = 2019,
        month = feb,
       volume = {482},
       number = {4},
        pages = {5500-5512},
          doi = {10.1093/mnras/sty3086},
archivePrefix = {arXiv},
       eprint = {1812.01046},
 primaryClass = {astro-ph.SR},
       adsurl = {https://ui.adsabs.harvard.edu/abs/2019MNRAS.482.5500R},
      adsnote = {Provided by the SAO/NASA Astrophysics Data System}
}

@ARTICLE{rempel2004,
       author = {{Rempel}, M.},
        title = "{Overshoot at the Base of the Solar Convection Zone: A Semianalytical Approach}",
      journal = {\apj},
     keywords = {Convection, Sun: Helioseismology, Sun: Interior},
         year = 2004,
        month = jun,
       volume = {607},
       number = {2},
        pages = {1046-1064},
          doi = {10.1086/383605},
       adsurl = {https://ui.adsabs.harvard.edu/abs/2004ApJ...607.1046R},
      adsnote = {Provided by the SAO/NASA Astrophysics Data System}
}

@ARTICLE{rogers_glatzmaier_2005,
       author = {{Rogers}, Tamara M. and {Glatzmaier}, Gary A.},
        title = "{Penetrative Convection within the Anelastic Approximation}",
      journal = {\apj},
     keywords = {Convection, Stars: Interiors},
         year = 2005,
        month = feb,
       volume = {620},
       number = {1},
        pages = {432-441},
          doi = {10.1086/423415},
       adsurl = {https://ui.adsabs.harvard.edu/abs/2005ApJ...620..432R},
      adsnote = {Provided by the SAO/NASA Astrophysics Data System}
}

@ARTICLE{rogers_etal_2006,
       author = {{Rogers}, Tamara M. and {Glatzmaier}, Gary A. and {Jones}, C.~A.},
        title = "{Numerical Simulations of Penetration and Overshoot in the Sun}",
      journal = {\apj},
     keywords = {Convection, Sun: Interior, Astrophysics},
         year = 2006,
        month = dec,
       volume = {653},
       number = {1},
        pages = {765-773},
          doi = {10.1086/508482},
archivePrefix = {arXiv},
       eprint = {astro-ph/0601668},
 primaryClass = {astro-ph},
       adsurl = {https://ui.adsabs.harvard.edu/abs/2006ApJ...653..765R},
      adsnote = {Provided by the SAO/NASA Astrophysics Data System}
}

@ARTICLE{rogers_etal_2013,
       author = {{Rogers}, T.~M. and {Lin}, D.~N.~C. and {McElwaine}, J.~N. and {Lau}, H.~H.~B.},
        title = "{Internal Gravity Waves in Massive Stars: Angular Momentum Transport}",
      journal = {\apj},
     keywords = {hydrodynamics, stars: interiors, stars: rotation, waves, Astrophysics - Solar and Stellar Astrophysics},
         year = 2013,
        month = jul,
       volume = {772},
       number = {1},
          eid = {21},
        pages = {21},
          doi = {10.1088/0004-637X/772/1/21},
archivePrefix = {arXiv},
       eprint = {1306.3262},
 primaryClass = {astro-ph.SR},
       adsurl = {https://ui.adsabs.harvard.edu/abs/2013ApJ...772...21R},
      adsnote = {Provided by the SAO/NASA Astrophysics Data System}
}

%S

@ARTICLE{salaris_cassisi_2017,
       author = {{Salaris}, Maurizio and {Cassisi}, Santi},
        title = "{Chemical element transport in stellar evolution models}",
      journal = {Royal Society Open Science},
     keywords = {Astrophysics - Solar and Stellar Astrophysics},
         year = 2017,
        month = aug,
       volume = {4},
       number = {8},
          eid = {170192},
        pages = {170192},
          doi = {10.1098/rsos.170192},
archivePrefix = {arXiv},
       eprint = {1707.07454},
 primaryClass = {astro-ph.SR},
       adsurl = {https://ui.adsabs.harvard.edu/abs/2017RSOS....470192S},
      adsnote = {Provided by the SAO/NASA Astrophysics Data System}
}

@ARTICLE{samadi_etal_2010,
       author = {{Samadi}, R. and {Belkacem}, K. and {Goupil}, M.~J. and {Dupret}, M. -A. and {Brun}, A.~S. and {Noels}, A.},
        title = "{Stochastic excitation of gravity modes in massive main-sequence stars}",
      journal = {\apss},
     keywords = {Turbulence, Convection, Oscillations, Mode driving, Massive stars},
         year = 2010,
        month = jul,
       volume = {328},
       number = {1-2},
        pages = {253-258},
          doi = {10.1007/s10509-009-0215-3},
       adsurl = {https://ui.adsabs.harvard.edu/abs/2010Ap&SS.328..253S},
      adsnote = {Provided by the SAO/NASA Astrophysics Data System}
}

@ARTICLE{shiode_etal_2013,
       author = {{Shiode}, Joshua H. and {Quataert}, Eliot and {Cantiello}, Matteo and {Bildsten}, Lars},
        title = "{The observational signatures of convectively excited gravity modes in main-sequence stars}",
      journal = {\mnras},
     keywords = {convection, stars: interiors, stars: oscillations, Astrophysics - Solar and Stellar Astrophysics},
         year = 2013,
        month = apr,
       volume = {430},
       number = {3},
        pages = {1736-1745},
          doi = {10.1093/mnras/sts719},
archivePrefix = {arXiv},
       eprint = {1210.5525},
 primaryClass = {astro-ph.SR},
       adsurl = {https://ui.adsabs.harvard.edu/abs/2013MNRAS.430.1736S},
      adsnote = {Provided by the SAO/NASA Astrophysics Data System}
}

@ARTICLE{schmitt_etal_1984,
       author = {{Schmitt}, J.~H.~M.~M. and {Rosner}, R. and {Bohn}, H.~U.},
        title = "{The overshoot region at the bottom of the solar convection zone.}",
      journal = {\apj},
     keywords = {Convection, Magnetohydrodynamics, Solar Physics, Stellar Cores, Stellar Models, Boundary Layers, Convective Flow, Entrainment, High Reynolds Number, Magnetic Flux, Mixing Length Flow Theory, Plumes, Stratification, Turbulent Flow, Solar Physics},
         year = 1984,
        month = jul,
       volume = {282},
        pages = {316-329},
          doi = {10.1086/162205},
       adsurl = {https://ui.adsabs.harvard.edu/abs/1984ApJ...282..316S},
      adsnote = {Provided by the SAO/NASA Astrophysics Data System}
}

@ARTICLE{scott_etal_2021,
       author = {{Scott}, L.~J.~A. and {Hirschi}, R. and {Georgy}, C. and {Arnett}, W.~D. and {Meakin}, C. and {Kaiser}, E.~A. and {Ekstr{\"o}m}, S. and {Yusof}, N.},
        title = "{Convective core entrainment in 1D main sequence stellar models}",
      journal = {arXiv e-prints},
     keywords = {Astrophysics - Solar and Stellar Astrophysics},
         year = 2021,
        month = mar,
          eid = {arXiv:2103.06196},
        pages = {arXiv:2103.06196},
archivePrefix = {arXiv},
       eprint = {2103.06196},
 primaryClass = {astro-ph.SR},
       adsurl = {https://ui.adsabs.harvard.edu/abs/2021arXiv210306196S},
      adsnote = {Provided by the SAO/NASA Astrophysics Data System}
}



%T

@ARTICLE{toppaladoddi_wettlaufer_2018,
       author = {{Toppaladoddi}, Srikanth and {Wettlaufer}, John S.},
        title = "{Penetrative convection at high Rayleigh numbers}",
      journal = {Physical Review Fluids},
     keywords = {Physics - Fluid Dynamics},
         year = 2018,
        month = apr,
       volume = {3},
       number = {4},
          eid = {043501},
        pages = {043501},
          doi = {10.1103/PhysRevFluids.3.043501},
archivePrefix = {arXiv},
       eprint = {1706.00711},
 primaryClass = {physics.flu-dyn},
       adsurl = {https://ui.adsabs.harvard.edu/abs/2018PhRvF...3d3501T},
      adsnote = {Provided by the SAO/NASA Astrophysics Data System}
}

%U


%V

@article{vasil_etal_2019,
title = {Tensor calculus in spherical coordinates using Jacobi polynomials. Part-I: Mathematical analysis and derivations},
journal = {Journal of Computational Physics: X},
volume = {3},
pages = {100013},
year = {2019},
issn = {2590-0552},
doi = {https://doi.org/10.1016/j.jcpx.2019.100013},
url = {https://www.sciencedirect.com/science/article/pii/S2590055219300290},
author = {Geoffrey M. Vasil and Daniel Lecoanet and Keaton J. Burns and Jeffrey S. Oishi and Benjamin P. Brown},
keywords = {Spherical geometry, Coordinate singularities, Spectral methods, Spin-weighted spherical harmonics, Jacobi polynomials, Sparse operators},
abstract = {This paper presents a method for accurate and efficient computations on scalar, vector and tensor fields in three-dimensional spherical polar coordinates. The method uses spin-weighted spherical harmonics in the angular directions and rescaled Jacobi polynomials in the radial direction. For the 2-sphere, spin-weighted harmonics allow for automating calculations in a fashion as similar to Fourier series as possible. Derivative operators act as wavenumber multiplication on a set of spectral coefficients. After transforming the angular directions, a set of orthogonal tensor rotations put the radially dependent spectral coefficients into individual spaces each obeying a particular regularity condition at the origin. These regularity spaces have remarkably simple properties under standard vector-calculus operations, such as gradient and divergence. We use a hierarchy of rescaled Jacobi polynomials for a basis on these regularity spaces. It is possible to select the Jacobi-polynomial parameters such that all relevant operators act in a minimally banded way. Altogether, the geometric structure allows for the accurate and efficient solution of general partial differential equations in the unit ball.}
}

@ARTICLE{vasil_etal_2020,
       author = {{Vasil}, Geoffrey M. and {Julien}, Keith and {Featherstone}, Nicholas A.},
        title = "{The rotational influence on solar convection}",
      journal = {arXiv e-prints},
     keywords = {Astrophysics - Solar and Stellar Astrophysics, Physics - Fluid Dynamics},
         year = 2020,
        month = oct,
          eid = {arXiv:2010.15383},
        pages = {arXiv:2010.15383},
archivePrefix = {arXiv},
       eprint = {2010.15383},
 primaryClass = {astro-ph.SR},
       adsurl = {https://ui.adsabs.harvard.edu/abs/2020arXiv201015383V},
      adsnote = {Provided by the SAO/NASA Astrophysics Data System}
}

@ARTICLE{viallet_etal_2015,
       author = {{Viallet}, M. and {Meakin}, C. and {Prat}, V. and {Arnett}, D.},
        title = "{Toward a consistent use of overshooting parametrizations in 1D stellar evolution codes}",
      journal = {\aap},
     keywords = {stars: evolution, stars: interiors, hydrodynamics, convection, turbulence, Astrophysics - Solar and Stellar Astrophysics},
         year = 2015,
        month = aug,
       volume = {580},
          eid = {A61},
        pages = {A61},
          doi = {10.1051/0004-6361/201526294},
archivePrefix = {arXiv},
       eprint = {1506.03100},
 primaryClass = {astro-ph.SR},
       adsurl = {https://ui.adsabs.harvard.edu/abs/2015A&A...580A..61V},
      adsnote = {Provided by the SAO/NASA Astrophysics Data System}
}



%W

@ARTICLE{wang_etal_2021,
       author = {{Wang}, Guiquan and {Santelli}, Luca and {Lohse}, Detlef and {Verzicco}, Roberto and {Stevens}, Richard J.~A.~M.},
        title = "{Diffusion-free scaling in rotating spherical Rayleigh-B{\'e}nard convection}",
      journal = {arXiv e-prints},
     keywords = {Physics - Fluid Dynamics, Physics - Geophysics},
         year = 2021,
        month = mar,
          eid = {arXiv:2103.08374},
        pages = {arXiv:2103.08374},
archivePrefix = {arXiv},
       eprint = {2103.08374},
 primaryClass = {physics.flu-dyn},
       adsurl = {https://ui.adsabs.harvard.edu/abs/2021arXiv210308374W},
      adsnote = {Provided by the SAO/NASA Astrophysics Data System}
}

%X

%Y

%Z

@ARTICLE{zahn1991,
       author = {{Zahn}, J. -P.},
        title = "{Convective penetration in stellar interiors.}",
      journal = {\aap},
     keywords = {Convection, Solar Interior, Stellar Interiors, Stellar Structure, Computational Astrophysics, Stellar Evolution, Stellar Physics, Astrophysics},
         year = 1991,
        month = dec,
       volume = {252},
        pages = {179-188},
       adsurl = {https://ui.adsabs.harvard.edu/abs/1991A&A...252..179Z},
      adsnote = {Provided by the SAO/NASA Astrophysics Data System}
}
